@article{avitabileProjectionMethodsNeural2023,
  title = {Projection {{Methods}} for {{Neural Field Equations}}},
  author = {Avitabile, Daniele},
  year = {2023},
  month = apr,
  journal = {SIAM Journal on Numerical Analysis},
  volume = {61},
  number = {2},
  pages = {562--591},
  issn = {0036-1429, 1095-7170},
  doi = {10.1137/21M1463768},
}


@article{huangSpiralWavesDisinhibited2004a,
  title = {Spiral {{Waves}} in {{Disinhibited Mammalian Neocortex}}},
  author = {Huang, Xiaoying and Troy, William C. and Yang, Qian and Ma, Hongtao and Laing, Carlo R. and Schiff, Steven J. and Wu, Jian-Young},
  year = {2004},
  month = nov,
  journal = {The Journal of Neuroscience},
  volume = {24},
  number = {44},
  pages = {9897--9902},
  issn = {0270-6474, 1529-2401},
  doi = {10.1523/JNEUROSCI.2705-04.2004},
  urldate = {2024-05-07},
}

@article{haftingMicrostructureSpatialMap2005,
  title = {Microstructure of a Spatial Map in the Entorhinal Cortex},
  author = {Hafting, Torkel and Fyhn, Marianne and Molden, Sturla and Moser, May-Britt and Moser, Edvard I.},
  year = {2005},
  month = aug,
  journal = {Nature},
  volume = {436},
  number = {7052},
  pages = {801--806},
  issn = {0028-0836, 1476-4687},
  doi = {10.1038/nature03721},
}
